@article{pala2013vceska,
  title={{\v{C}}esk{\'a} lexik{\'a}ln{\'\i} datab{\'a}ze typu WordNet},
  author={Pala, Karel and {\v{S}}eve{\v{c}}ek, Pavel},
  journal={Feedback},
  volume={48},
  number={A47},
  year={2013}
}

@article{miller1990introduction,
  title={Introduction to WordNet: An on-line lexical database},
  author={Miller, George A and Beckwith, Richard and Fellbaum, Christiane and Gross, Derek and Miller, Katherine J},
  journal={International journal of lexicography},
  volume={3},
  number={4},
  pages={235--244},
  year={1990},
  publisher={Oxford Univ Press}
}

@article{garshoi2004metadata,
  title={Metadata? Thesauri? Taxonomies? Topic Maps!},
  author={GarshoI, Lars Marius},
  journal={2004—10—26)[2010-6—19] http://www. ontopia. net/topicmaps/materials/tm-VS—thesauri. htm1},
  url={http://www.ontopia.net/topicmaps/materials/tm-vs-thesauri.html#N773}
}